@Misc{TeXFAQ,
  title =        {{UK} List of {\TeX} Frequently Asked Questions},
  author =       {{UK \TeX{} Users Group}},
  year =         2019,
  howpublished = {\url{https://texfaq.org}}
}

@Manual{Downes04:amsart,
  title =        {The \textsf{amsart}, \textsf{amsproc}, and
                  \textsf{amsbook} document~classes},
  author =       {Michael Downes and Barbara Beeton},
  organization = {American Mathematical Society},
  year =         2004,
  month =        aug,
  note =         {\url{http://www.ctan.org/pkg/amslatex}}
}
