% Entries

@inbook{Jannach01,
  author = {Jannach, Dietmar and Lerche, Lukas and Zanker, Markus},
  year = {2018},
  month = {05},
  pages = {510-569},
  title = {Recommending Based on Implicit Feedback},
  isbn = {978-3-319-90091-9},
  journal = {Lecture Notes in Computer Science (including subseries Lecture Notes in Artificial Intelligence and Lecture Notes in Bioinformatics)},
  doi = {10.1007/978-3-319-90092-6_14}
}

@phdthesis{lerche2016using,
  title={Using implicit feedback for recommender systems: characteristics, applications, and challenges},
  author={Lerche, Lukas},
  year={2016}
}

@article{Jawaheer01,
  author = {Jawaheer, Gawesh and Szomszor, Martin and Kostkova, Patty},
  year = {2010},
  month = {01},
  pages = {},
  title = {Comparison of implicit and explicit feedback from an online music recommendation service},
  doi = {10.1145/1869446.1869453}
}

@article{Jugovac01,
  author = {Jugovac, Michael and Jannach, Dietmar},
  year = {2017},
  month = {09},
  pages = {1-46},
  title = {Interacting with Recommenders—Overview and Research Directions},
  volume = {7},
  journal = {ACM Transactions on Interactive Intelligent Systems},
  doi = {10.1145/3001837}
}

@article{Konstan01,
  author = {Konstan, Joseph and Riedl, John},
  year = {2012},
  month = {04},
  pages = {101-123},
  title = {Recommender systems: From algorithms to user experience},
  volume = {22},
  journal = {User Modeling and User-Adapted Interaction},
  doi = {10.1007/s11257-011-9112-x}
}

@inproceedings{Schafer01,
  author = {Schafer, Ben and J, Ben and Frankowski, Dan and Dan, and Herlocker, and Jon, and Shilad, and Sen, Shilad},
  year = {2007},
  month = {01},
  pages = {},
  title = {Collaborative Filtering Recommender Systems}
}

@misc{marketingsherpa,
  title={Home},
  url={https://marketingsherpa.com/},
  journal={MarketingSherpa},
  author={McDaniel, Scott and Beger, Steve},
  year={2016},
  month={Jan}
}

@Inbook{Koren2011,
  author="Koren, Yehuda and Bell, Robert",
  editor="Ricci, Francesco and Rokach, Lior and Shapira, Bracha and Kantor, Paul B.",
  title="Advances in Collaborative Filtering",
  bookTitle="Recommender Systems Handbook",
  year="2011",
  publisher="Springer US",
  address="Boston, MA",
  pages="145--186",
  isbn="978-0-387-85820-3",
  doi="10.1007/978-0-387-85820-3_5",
  url="https://doi.org/10.1007/978-0-387-85820-3_5"
}

@inproceedings{garcin2013personalized,
  title={Personalized news recommendation with context trees},
  author={Garcin, Florent and Dimitrakakis, Christos and Faltings, Boi},
  booktitle={Proceedings of the 7th ACM conference on Recommender systems},
  pages={105--112},
  year={2013}
}

@inproceedings{nichols1998implicit,
  title={Implicit rating and filtering},
  author={Nichols, David},
  year={1998},
  organization={ERCIM}
}

@inproceedings{Oard1998ImplicitFF,
  title={Implicit Feedback for Recommender Systems},
  author={Douglas W. Oard and Jinmook Kim},
  year={1998}
}

@inproceedings{morita1994information,
  title={Information filtering based on user behavior analysis and best match text retrieval},
  author={Morita, Masahiro and Shinoda, Yoichi},
  booktitle={SIGIR’94},
  pages={272--281},
  year={1994},
  organization={Springer}
}

@article{konstan1997grouplens,
  title={GroupLens: applying collaborative filtering to Usenet news},
  author={Konstan, Joseph A and Miller, Bradley N and Maltz, David and Herlocker, Jonathan L and Gordon, Lee R and Riedl, John},
  journal={Communications of the ACM},
  volume={40},
  number={3},
  pages={77--87},
  year={1997},
  publisher={ACM New York, NY, USA}
}

@inproceedings{joachims2017accurately,
  title={Accurately interpreting clickthrough data as implicit feedback},
  author={Joachims, Thorsten and Granka, Laura and Pan, Bing and Hembrooke, Helene and Gay, Geri},
  booktitle={ACM SIGIR Forum},
  volume={51},
  number={1},
  pages={4--11},
  year={2017},
  organization={Acm New York, NY, USA}
}

@inproceedings{ilievski2013,
  title={Personalized news recommendation based on implicit feedback},
  author={Ilievski, Ilija and Roy, Sujoy},
  booktitle={Proceedings of the 2013 international news recommender systems workshop and challenge},
  pages={10--15},
  year={2013}
}

@inproceedings{chaturvedi2017,
  title={Recommender system for news articles using supervised learning},
  author={Chaturvedi, Akshay Kumar and Peleja, Filipa and Freire, Ana},
  year={2017}
}

@inproceedings{liu2010personalized,
  title={Personalized news recommendation based on click behavior},
  author={Liu, Jiahui and Dolan, Peter and Pedersen, Elin R{\o}nby},
  booktitle={Proceedings of the 15th international conference on Intelligent user interfaces},
  pages={31--40},
  year={2010}
}

@inproceedings{kazai2016personalised,
  title={Personalised news and blog recommendations based on user location, Facebook and Twitter user profiling},
  author={Kazai, Gabriella and Yusof, Iskander and Clarke, Daoud},
  booktitle={Proceedings of the 39th International ACM SIGIR conference on Research and Development in Information Retrieval},
  pages={1129--1132},
  year={2016}
}

@inproceedings{hu2008collaborative,
  title={Collaborative filtering for implicit feedback datasets},
  author={Hu, Yifan and Koren, Yehuda and Volinsky, Chris},
  booktitle={2008 Eighth IEEE International Conference on Data Mining},
  pages={263--272},
  year={2008},
}

@book{nielsen2009bayesian,
  title={Bayesian networks and decision graphs},
  author={Nielsen, Thomas Dyhre and Jensen, Finn Verner},
  year={2009},
  publisher={Springer Science \& Business Media}
}

@inproceedings{van2000using,
  title={Using content-based filtering for recommendation},
  author={Van Meteren, Robin and Van Someren, Maarten},
  booktitle={Proceedings of the Machine Learning in the New Information Age: MLnet/ECML2000 Workshop},
  volume={30},
  pages={47--56},
  year={2000}
}

@article{rendle2012bpr,
  title={BPR: Bayesian personalized ranking from implicit feedback},
  author={Rendle, Steffen and Freudenthaler, Christoph and Gantner, Zeno and Schmidt-Thieme, Lars},
  journal={arXiv preprint arXiv:1205.2618},
  year={2012}
}

@inproceedings{zhang2014explicit,
  title={Explicit factor models for explainable recommendation based on phrase-level sentiment analysis},
  author={Zhang, Yongfeng and Lai, Guokun and Zhang, Min and Zhang, Yi and Liu, Yiqun and Ma, Shaoping},
  booktitle={Proceedings of the 37th international ACM SIGIR conference on Research \& development in information retrieval},
  pages={83--92},
  year={2014}
}

@article{zhang2018explainable,
  title={Explainable recommendation: A survey and new perspectives},
  author={Zhang, Yongfeng and Chen, Xu},
  journal={arXiv preprint arXiv:1804.11192},
  year={2018}
}

@incollection{ricci2011,
  title={Introduction to recommender systems handbook},
  author={Ricci, Francesco and Rokach, Lior and Shapira, Bracha},
  booktitle={Recommender systems handbook},
  pages={1--35},
  year={2011},
  publisher={Springer}
}

@article{burke2002hybrid,
  title={Hybrid recommender systems: Survey and experiments},
  author={Burke, Robin},
  journal={User modeling and user-adapted interaction},
  volume={12},
  number={4},
  pages={331--370},
  year={2002},
  publisher={Springer}
}

@inproceedings{peska2012estimating,
  title={Estimating importance of implicit factors in e-commerce recommender systems.},
  author={Peska, Ladislav and Vojtas, Peter},
  booktitle={WIMS},
  pages={62--1},
  year={2012}
}

@techreport{kim2005implicit,
  title={Implicit indicators for interesting web pages},
  author={Kim, Hyoung-rae and Chan, Philip K},
  year={2005}
}

@inproceedings{gulla2017adressa,
  title={The Adressa dataset for news recommendation},
  author={Gulla, Jon Atle and Zhang, Lemei and Liu, Peng and {\"O}zg{\"o}bek, {\"O}zlem and Su, Xiaomeng},
  booktitle={Proceedings of the international conference on web intelligence},
  pages={1042--1048},
  year={2017}
}

@article{wumind,
  title={MIND: A Large-scale Dataset for News Recommendation},
  author={Wu, Fangzhao and Qiao, Ying and Chen, Jiun-Hung and Wu, Chuhan and Qi, Tao and Lian, Jianxun and Liu, Danyang and Xie, Xing and Gao, Jianfeng and Wu, Winnie and others}
}

@inproceedings{feigl2018neural,
  title={Neural Networks for Implicit Feedback Datasets.},
  author={Feigl, Josef and Bogdan, Martin},
  booktitle={ESANN},
  year={2018}
}

@inproceedings{manzato2013gsvd,
  title={gSVD++ supporting implicit feedback on recommender systems with metadata awareness},
  author={Manzato, Marcelo Garcia},
  booktitle={Proceedings of the 28th Annual ACM Symposium on Applied Computing},
  pages={908--913},
  year={2013}
}

@inproceedings{hidasi2012fast,
  title={Fast ALS-based tensor factorization for context-aware recommendation from implicit feedback},
  author={Hidasi, Bal{\'a}zs and Tikk, Domonkos},
  booktitle={Joint European Conference on Machine Learning and Knowledge Discovery in Databases},
  pages={67--82},
  year={2012},
  organization={Springer}
}

@article{huang2007comparison,
  title={A comparison of collaborative-filtering recommendation algorithms for e-commerce},
  author={Huang, Zan and Zeng, Daniel and Chen, Hsinchun},
  journal={IEEE Intelligent Systems},
  volume={22},
  number={5},
  pages={68--78},
  year={2007},
  publisher={IEEE}
}

@inproceedings{de2018chameleon,
  title={CHAMELEON: a deep learning meta-architecture for news recommender systems},
  author={de Souza Pereira Moreira, Gabriel},
  booktitle={Proceedings of the 12th ACM Conference on Recommender Systems},
  pages={578--583},
  year={2018}
}
